@article{xdp-acceleration-2017,
author = {Peter Waskiewicz Jr},
title = {Accelerating XDP Programs Using HW-Based Hints},
note = "https://netdevconf.org/2.2/papers/waskiewicz-xdpacceleration-talk.pdf",
year = {2017},
howpublished = "NetDev 2.2 2017 Proceeds"
}

@article{katran-2018,
author = {Nikita Shirokov, Ranjeeth Dasineni},
title = {Open-sourcing Katran, a scalable network load balancer},
note = "https://code.fb.com/open-source/open-sourcing-katran-a-scalable-network-load-balancer/",
year = {2018},
howpublished = "Facebook Announcement"
}

@misc{xdp-patches-2018,
author = {Jayaprakash Shanmugam, Peter Waskiewicz Jr},
title = {i40e: Initial support to add hw hints for xdp},
note = "https://git.kernel.org/pub/scm/linux/kernel/git/jkirsher/next-queue.git/commit/?h=XDP-hints-EXPERIMENTAL",
howpublished = "Jeff Kirsher's External net tree"
}

@misc{btf-patches-2018,
author = {Martin KaFai Lau},
title = {BTF: BPF Type Format},
note = "https://lwn.net/Articles/750695/",
howpublished = "Linux Kernel Mailing List"
}

@misc{mlx-rx-accel-patches-2018,
author = {Saeed Mahameed},
title = {[RFC bpf-next 0/6] XDP RX device meta data acceleration},
note = "https://www.spinics.net/lists/netdev/msg509814.html",
howpublished = "BPF Kernel Mailing List"
}

@misc{mlx-rx-infra-patches-2018,
author = {Saeed Mahameed},
title = {[RFC bpf-next 2/6] net: xdp: RX meta data infrastructure},
note = "https://www.spinics.net/lists/netdev/msg509820.html",
howpublished = "BPF Kernel Mailing List"
}

@misc{mlx-xdp-meta-patches-2018,
author = {Saeed Mahameed},
title = {Latest patches for xdp meta data and xdp\_tx\_iptunnel},
note = "https://git.kernel.org/pub/scm/linux/kernel/git/saeed/linux.git/log/?h=topic/xdp\_metadata",
howpublished = "BPF Kernel Mailing List"
}

@misc{xdp-tx-iptunnel-2016,
author = {Martin KaFai Lau},
title = {samples/bpf/xdp\_tx\_iptunnel\_kern.c}.
note = "https://elixir.bootlin.com/linux/latest/source/samples/bpf/xdp\_tx\_iptunnel\_kern.c",
howpublished = "Linux Kernel Mailing List"
}

@misc{mlx-xdp-tx-iptunnel-2018,
author = {Saeed Mahameed},
title = {Modified samples/bpf/xdp\_tx\_iptunnel\_kern.c},
note = "https://git.kernel.org/pub/scm/linux/kernel/git/saeed/linux.git/commit/?h=topic/xdp\_metadata\&id=5f2908515bf64d72684b2bf902acb1a8d9af2d44"
howpublished = "BFP Kernel Mailing List"
}
